<?xml version="1.0" encoding="UTF-8"?><collection xmlns="http://www.loc.gov/MARC21/slim"><record><leader>00315nam--2200121-i-4500</leader><controlfield tag="001">000048994</controlfield><controlfield tag="002">20161230</controlfield><controlfield tag="005">20161230201047</controlfield><controlfield tag="008">060222s1000------------r-----000-0-eng-d</controlfield><datafield ind1=" " ind2=" " tag="100"><subfield code="a">Akimov,G.B</subfield></datafield><datafield ind1=" " ind2=" " tag="245"><subfield code="a">Teoriia i metody issledovaniia korrozii metallov</subfield></datafield><datafield ind1=" " ind2=" " tag="260"><subfield code="a">Moskva, Izdanie Akad.Nauk Sssr. 414 S</subfield></datafield><datafield ind1=" " ind2=" " tag="852"><subfield code="a">903</subfield></datafield></record></collection>